@article{ex,
	title={Titulo del ejemplo},
	author={Almela, A. and Garcia, M.  and Salum, J.},
	journal={Facultad Regional Buenos Aires},
	pages={1},
	year={2020}
}